<?xml version="1.0" encoding="UTF-8" ?>
<collection xmlns:xsi="http://www.w3.org/2001/XMLSchema-instance"
    xsi:schemaLocation="http://www.loc.gov/MARC21/slim
        http://www.loc.gov/standards/marcxml/schema/MARC21slim.xsd"
    xmlns="http://www.loc.gov/MARC21/slim">
<record>
  <leader>00252cam a2200481 i 4500</leader>
  <controlfield tag="001">b12484520</controlfield>
  <controlfield tag="003">LeBAU</controlfield>
  <controlfield tag="005">20171208</controlfield>
  <controlfield tag="008">970620s1941    ua            ||0 0 ara d</controlfield>
  <datafield tag="035" ind1=" " ind2=" ">
    <subfield code="a">ocn784341214</subfield>
  </datafield>
  <datafield tag="040" ind1=" " ind2=" ">
    <subfield code="a">LEAUB</subfield>
    <subfield code="b">ara</subfield>
    <subfield code="e">rda</subfield>
    <subfield code="c">LEAUB</subfield>
    <subfield code="d">LEAUB</subfield>
  </datafield>
  <datafield tag="082" ind1="0" ind2="4">
    <subfield code="a">510.953</subfield>
    <subfield code="2">20</subfield>
  </datafield>
  <datafield tag="100" ind1="1" ind2=" ">
    <subfield code="6">880-01</subfield>
    <subfield code="a">Ṭūqān, Qadrī Ḥāfiẓ,</subfield>
    <subfield code="d">1910-1971,</subfield>
    <subfield code="e">author.</subfield>
  </datafield>
  <datafield tag="245" ind1="1" ind2="0">
    <subfield code="6">880-02</subfield>
    <subfield code="a">Turā‎th al-ʻArab al-ʻilmī fī al-riyā‎ḍīyā‎t wa-al-falak :</subfield>
    <subfield code="b">yabḥathu fī athar al-‘Arab fī taqaddum al-riyāḍīyāt wa-al-falak wa-siyar aʻlām riyāḍīyīhim wa-kibār falakīyīhim /</subfield>
    <subfield code="c">ta’līf Qadrī Ḥā‎fiẓ Ṭūqā‎n, ‘uḍw al-Jam‘iyah al-Malakīyak al-Āsiyawīyah bi-Landan, ‘uḍw Jam‘īyat al-‘Ulūm al-Riyāḍīyah fī Inkiltrā wa-Amīrkā, ‘uḍw Majlis al-Ta‘līm al-‘Ālī fī Filasṭīn, musā‘id mudīr Kulliyat al-Najāḥ bi-Nāblis wa-ustādh al-riyāḍīyāt fīhā.</subfield>
  </datafield>
  <datafield tag="250" ind1=" " ind2=" ">
    <subfield code="6">880-03</subfield>
    <subfield code="a">al-Ṭab‘ah al-ūlá.</subfield>
  </datafield>
  <datafield tag="264" ind1=" " ind2="1">
    <subfield code="6">880-04</subfield>
    <subfield code="a">[Miṣr] :</subfield>
    <subfield code="b">[Maṭba‎‘‎at al-Muqtaṭaf],</subfield>
    <subfield code="c">1360 H. = 1941 M.</subfield>
  </datafield>
  <datafield tag="300" ind1=" " ind2=" ">
    <subfield code="6">880-05</subfield>
    <subfield code="a">267 pages ;</subfield>
    <subfield code="c">24 cm</subfield>
  </datafield>
  <datafield tag="336" ind1=" " ind2=" ">
    <subfield code="a">text</subfield>
    <subfield code="b">txt</subfield>
    <subfield code="2">rdacontent</subfield>
  </datafield>
  <datafield tag="337" ind1=" " ind2=" ">
    <subfield code="a">unmediated</subfield>
    <subfield code="b">n</subfield>
    <subfield code="2">rdamedia</subfield>
  </datafield>
  <datafield tag="338" ind1=" " ind2=" ">
    <subfield code="a">volume</subfield>
    <subfield code="b">nc</subfield>
    <subfield code="2">rdacarrier </subfield>
  </datafield>
  <datafield tag="500" ind1=" " ind2=" ">
    <subfield code="a">"هدية المقتطف السنوية."</subfield>
  </datafield>
  <datafield tag="504" ind1=" " ind2=" ">
    <subfield code="a">يتضمن مراجع ببليوغرافية (صفحات 255-257)</subfield>
  </datafield>
  <datafield tag="650" ind1=" " ind2="4">
    <subfield code="a">الرياضيات عند العرب</subfield>
    <subfield code="x">تاريخ.</subfield>
  </datafield>
  <datafield tag="650" ind1=" " ind2="4">
    <subfield code="a">علم الفلك العربي</subfield>
    <subfield code="x">تاريخ.</subfield>
  </datafield>
  <datafield tag="650" ind1=" " ind2="4">
    <subfield code="a">العلماء</subfield>
    <subfield code="z">البلدان العربية.</subfield>
  </datafield>
  <datafield tag="650" ind1=" " ind2="0">
    <subfield code="a">العلوم في القرون الوسطى</subfield>
    <subfield code="v">بيوببليوغرافيا.</subfield>
  </datafield>
  <datafield tag="650" ind1=" " ind2="0">
    <subfield code="a">Mathematics, Arab</subfield>
    <subfield code="x">History.</subfield>
  </datafield>
  <datafield tag="650" ind1=" " ind2="0">
    <subfield code="a">Astronomy, Arab</subfield>
    <subfield code="x">History.</subfield>
  </datafield>
  <datafield tag="650" ind1=" " ind2="0">
    <subfield code="a">Scientists</subfield>
    <subfield code="z">Arab countries.</subfield>
  </datafield>
  <datafield tag="650" ind1=" " ind2="0">
    <subfield code="a">Science, Medieval</subfield>
    <subfield code="v">Bio-bibliography.</subfield>
  </datafield>
  <datafield tag="775" ind1="0" ind2=" ">
    <subfield code="6">880-06</subfield>
    <subfield code="i">has designation of edition</subfield>
    <subfield code="4">http://rdaregistry.info/Elements/m/P30133</subfield>
    <subfield code="t">Turā‎th al-ʻArab al-ʻilmī fī al-riyā‎ḍīyā‎t wa-al-falak : yabḥathu fī athar al-‘Arab fī taqaddum al-riyāḍīyāt wa-al-falak wa-siyar aʻlām riyāḍīyīhim wa-kibār falakīyīhim.</subfield>
    <subfield code="b">al-Ṭab‘ah al-thānīyah, mazīdah wa-munaqqaḥa.</subfield>
    <subfield code="d">al-Qāhirah : Maṭba‘at Lajnat al-Taʼlīf wa-al-Tarjamah wa-al-Nashr, 1374 H. = 1954 M.</subfield>
    <subfield code="w">(OCoLC)784341218</subfield>
    <subfield code="w">(OCoLC)784341218</subfield>
  </datafield>
  <datafield tag="852" ind1=" " ind2=" ">
    <subfield code="a">Jafet Library</subfield>
    <subfield code="e">American University of Beirut, Bliss Street , Beirut, Lebanon.</subfield>
  </datafield>
  <datafield tag="880" ind1="1" ind2=" ">
    <subfield code="6">100-01/(3/r</subfield>
    <subfield code="a">طوقان، قدري حافظ،</subfield>
    <subfield code="d">1910-1971،</subfield>
    <subfield code="e">مؤلف. </subfield>
    <subfield code="4">aut.</subfield>
  </datafield>
  <datafield tag="880" ind1="1" ind2="0">
    <subfield code="6">245-02/(3/r</subfield>
    <subfield code="a">تراث العرب العلمي في الرياضيات والفلك :</subfield>
    <subfield code="b">يبحث في أثر العرب في تقدم الرياضيات والفلك وسير أعلام رياضييهم وكبار فلكييهم /</subfield>
    <subfield code="c">تأليف قدري حافظ طوقان، عضوالجمعية الملكية الآسيوية بلندن، عضو جمعيات العلوم الرياضية في إنكلترا وأميركا، عضو مجلس التعليم العالي في فلسطين، مساعد مدير كلية النجاح بنابلس وأستاذ الرياضيات فيها.</subfield>
  </datafield>
  <datafield tag="880" ind1=" " ind2=" ">
    <subfield code="6">250-03/(3/r</subfield>
    <subfield code="a">الطبعة الأولى.</subfield>
  </datafield>
  <datafield tag="880" ind1=" " ind2="1">
    <subfield code="6">264-04/(3/r</subfield>
    <subfield code="a">[مصر] :</subfield>
    <subfield code="b">[مطبعة المقتطف]،</subfield>
    <subfield code="c">1360 هـ. = 1941 م.</subfield>
  </datafield>
  <datafield tag="880" ind1=" " ind2=" ">
    <subfield code="6">300-05/(3/r</subfield>
    <subfield code="a">267 صفحة ؛</subfield>
    <subfield code="c">24 سم</subfield>
  </datafield>
  <datafield tag="880" ind1="0" ind2=" ">
    <subfield code="6">775-06/(3/r</subfield>
    <subfield code="i">دلالة على الطبعة</subfield>
    <subfield code="4">http://rdaregistry.info/Elements/m/P30133</subfield>
    <subfield code="t">تراث العرب العلمي في الرياضيات والفلك : يبحث في أثر العرب في تقدم الرياضيات والفلك وسير أعلام رياضييهم وكبار فلكييهم.</subfield>
    <subfield code="b">الطبعة الثانية، مزيدة ومنقحة.</subfield>
    <subfield code="d">القاهرة : مطبعة لجنة التأليف والترجمة والنشر، 1374 هـ. = 1954 م.</subfield>
    <subfield code="w">b12484532</subfield>
    <subfield code="w">(OCoLC)784341218</subfield>
  </datafield>
  <datafield tag="907" ind1=" " ind2=" ">
    <subfield code="a">.b12484520</subfield>
    <subfield code="b">17-12-14</subfield>
    <subfield code="c">11-05-24</subfield>
  </datafield>
  <datafield tag="907" ind1=" " ind2=" ">
    <subfield code="a">.b12484520</subfield>
    <subfield code="b">15-10-15</subfield>
    <subfield code="c">11-05-24</subfield>
  </datafield>
  <datafield tag="945" ind1=" " ind2=" ">
    <subfield code="f">J</subfield>
    <subfield code="a">510.953:T91tA:c.1</subfield>
    <subfield code="i">01026391</subfield>
    <subfield code="j">.i12974894</subfield>
    <subfield code="l">u0503</subfield>
  </datafield>
  <datafield tag="945" ind1=" " ind2=" ">
    <subfield code="f">J</subfield>
    <subfield code="a">510.953:T91tA:c.2</subfield>
    <subfield code="i">01026392</subfield>
    <subfield code="j">.i12974900</subfield>
    <subfield code="l">u0503</subfield>
  </datafield>
  <datafield tag="998" ind1=" " ind2=" ">
    <subfield code="a">u05</subfield>
    <subfield code="b">97-06-20</subfield>
    <subfield code="c">m</subfield>
    <subfield code="d">a</subfield>
    <subfield code="e">-</subfield>
    <subfield code="f">ara</subfield>
    <subfield code="g">ua </subfield>
    <subfield code="h">0</subfield>
    <subfield code="i">2</subfield>
  </datafield>
</record>
</collection>
